<record><leader>00000cas a2200000 a 4500</leader><controlfield tag="001">56585907</controlfield><controlfield tag="008">040928c20049999tnuwr ne      0    0eng c</controlfield><datafield ind1=" " ind2=" " tag="010"><subfield code="a">sn2006062319</subfield></datafield><datafield ind1=" " ind2=" " tag="040"><subfield code="a">TCN</subfield><subfield code="b">eng</subfield><subfield code="c">TCN</subfield><subfield code="d">OCLCQ</subfield><subfield code="d">TGN</subfield><subfield code="d">OCLCQ</subfield></datafield><datafield ind1=" " ind2=" " tag="042"><subfield code="a">pcc</subfield></datafield><datafield ind1=" " ind2=" " tag="043"><subfield code="a">n-us-tn</subfield></datafield><datafield ind1="0" ind2="0" tag="245"><subfield code="a">Grainger today.</subfield></datafield><datafield ind1=" " ind2=" " tag="260"><subfield code="a">Bean Station, Tenn. :</subfield><subfield code="b">Grainger Today, Inc.,</subfield><subfield code="c">c2004-</subfield></datafield><datafield ind1=" " ind2=" " tag="300"><subfield code="a">v. :</subfield><subfield code="b">ill. ;</subfield><subfield code="c">33 cm.</subfield></datafield><datafield ind1=" " ind2=" " tag="310"><subfield code="a">Weekly</subfield></datafield><datafield ind1="0" ind2=" " tag="362"><subfield code="a">Vol. 1 no. 1 (Sept. 1, 2004)-</subfield></datafield><datafield ind1=" " ind2=" " tag="500"><subfield code="a">Editor: 2004- Steve Cason.</subfield></datafield><datafield ind1=" " ind2=" " tag="500"><subfield code="a">Internet World Wide Web site available that provides subscription and advertising information.</subfield></datafield><datafield ind1=" " ind2="0" tag="651"><subfield code="a">Bean Station (Tenn.)</subfield><subfield code="v">Newspapers.</subfield></datafield><datafield ind1=" " ind2="0" tag="651"><subfield code="a">Grainger County (Tenn.)</subfield><subfield code="v">Newspapers.</subfield></datafield><datafield ind1=" " ind2=" " tag="752"><subfield code="a">United States</subfield><subfield code="b">Tennessee</subfield><subfield code="c">Grainger</subfield><subfield code="d">Bean Station.</subfield></datafield><datafield ind1="4" ind2="2" tag="856"><subfield code="u">http://www.graingertoday.com</subfield></datafield><datafield ind1="1" ind2=" " tag="029"><subfield code="a">AU@</subfield><subfield code="b">000040966488</subfield></datafield></record>